@inproceedings{DBLP:journals/corr/ZhouHZZL17,
  title={Emotional chatting machine: Emotional conversation generation with internal and external memory},
  author={Zhou, Hao and Huang, Minlie and Zhang, Tianyang and Zhu, Xiaoyan and Liu, Bing},
  booktitle={Proceedings of the AAAI Conference on Artificial Intelligence},
  volume={32},
  number={1},
  year={2018}
}
@inproceedings{wordvector,
  title={Multi-granularity chinese word embedding},
  author={Yin, Rongchao and Wang, Quan and Li, Peng and Li, Rui and Wang, Bin},
  booktitle={Proceedings of the 2016 conference on empirical methods in natural language processing},
  pages={981--986},
  year={2016}
}
@article{cho2014learning,
  title={Learning phrase representations using RNN encoder-decoder for statistical machine translation},
  author={Cho, Kyunghyun and Van Merri{\"e}nboer, Bart and Gulcehre, Caglar and Bahdanau, Dzmitry and Bougares, Fethi and Schwenk, Holger and Bengio, Yoshua},
  journal={arXiv preprint arXiv:1406.1078},
  year={2014}
}
@article{mikolov2013efficient,
  title={Efficient estimation of word representations in vector space},
  author={Mikolov, Tomas and Chen, Kai and Corrado, Greg and Dean, Jeffrey},
  journal={arXiv preprint arXiv:1301.3781},
  year={2013}
}
@inproceedings{tang-etal-2014-learning,
  title={Learning sentiment-specific word embedding for twitter sentiment classification},
  author={Tang, Duyu and Wei, Furu and Yang, Nan and Zhou, Ming and Liu, Ting and Qin, Bing},
  booktitle={Proceedings of the 52nd Annual Meeting of the Association for Computational Linguistics (Volume 1: Long Papers)},
  pages={1555--1565},
  year={2014}
}
@article{bahdanau2014neural,
  title={Neural machine translation by jointly learning to align and translate},
  author={Bahdanau, Dzmitry and Cho, Kyunghyun and Bengio, Yoshua},
  journal={arXiv preprint arXiv:1409.0473},
  year={2014}
}
@article{luong2015effective,
  title={Effective approaches to attention-based neural machine translation},
  author={Luong, Minh-Thang and Pham, Hieu and Manning, Christopher D},
  journal={arXiv preprint arXiv:1508.04025},
  year={2015}
}
@article{jean2014using,
  title={On using very large target vocabulary for neural machine translation},
  author={Jean, Sbastien and Cho, Kyunghyun and Memisevic, Roland and Bengio, Yoshua},
  journal={arXiv preprint arXiv:1412.2007},
  year={2014}
}
@mastersthesis{彭叶红2019基于主题模型与变分自编码的情感对话生成技术研究,
  title={基于主题模型与变分自编码的情感对话生成技术研究},
  author={彭叶红},
  year={2019},
  school={华中师范大学}
}
@article{ghosh2017affect,
  title={Affect-lm: A neural language model for customizable affective text generation},
  author={Ghosh, Sayan and Chollet, Mathieu and Laksana, Eugene and Morency, Louis-Philippe and Scherer, Stefan},
  journal={arXiv preprint arXiv:1704.06851},
  year={2017}
}
@mastersthesis{对话风格迁移,
  title={基于对话风格迁移的神经网络对话模型研究},
  author={刘喜凯},
  year={2020},
  school={大连理工大学}
}
@mastersthesis{刘宁2019人机交互的情感拟人化策略研究,
  title={人机交互的情感拟人化策略研究},
  author={刘宁},
  year={2019},
  school={重庆邮电大学}
}
@inproceedings{wei2019emotion,
  title={Emotion-aware chat machine: Automatic emotional response generation for human-like emotional interaction},
  author={Wei, Wei and Liu, Jiayi and Mao, Xianling and Guo, Guibing and Zhu, Feida and Zhou, Pan and Hu, Yuchong},
  booktitle={Proceedings of the 28th ACM International Conference on Information and Knowledge Management},
  pages={1401--1410},
  year={2019}
}
@inproceedings{bao2019cyclegan,
  title={CycleGAN-Based Emotion Style Transfer as Data Augmentation for Speech Emotion Recognition.},
  author={Bao, Fang and Neumann, Michael and Vu, Ngoc Thang},
  booktitle={INTERSPEECH},
  pages={2828--2832},
  year={2019}
}
@article{li2016persona,
  title={A persona-based neural conversation model},
  author={Li, Jiwei and Galley, Michel and Brockett, Chris and Spithourakis, Georgios P and Gao, Jianfeng and Dolan, Bill},
  journal={arXiv preprint arXiv:1603.06155},
  year={2016}
}
@inproceedings{guthrie2006closer,
  title={A closer look at skip-gram modelling.},
  author={Guthrie, David and Allison, Ben and Liu, Wei and Guthrie, Louise and Wilks, Yorick},
  booktitle={LREC},
  volume={6},
  pages={1222--1225},
  year={2006},
  organization={Citeseer}
}
@inproceedings{mikolov2010recurrent,
  title={Recurrent neural network based language model},
  author={Mikolov, Tom{\'a}{\v{s}} and Karafi{\'a}t, Martin and Burget, Luk{\'a}{\v{s}} and {\v{C}}ernock{\`y}, Jan and Khudanpur, Sanjeev},
  booktitle={Eleventh annual conference of the international speech communication association},
  year={2010}
}
@inproceedings{dey2017gate,
  title={Gate-variants of gated recurrent unit (GRU) neural networks},
  author={Dey, Rahul and Salem, Fathi M},
  booktitle={2017 IEEE 60th international midwest symposium on circuits and systems (MWSCAS)},
  pages={1597--1600},
  year={2017},
  organization={IEEE}
}
@article{gers1999learning,
  title={Learning to forget: Continual prediction with LSTM},
  author={Gers, Felix A and Schmidhuber, J{\"u}rgen and Cummins, Fred},
  journal={Neural computation},
  volume={12},
  number={10},
  pages={2451--2471},
  year={2000},
  publisher={MIT Press}
}
@incollection{plutchik1980general,
  title={A general psychoevolutionary theory of emotion},
  author={Plutchik, Robert},
  booktitle={Theories of emotion},
  pages={3--33},
  year={1980},
  publisher={Elsevier}
}
@article{王红珍2012软件开发成本估算模型的研究,
  title={软件开发成本估算模型的研究},
  author={王红珍 and 李竹林 and others},
  journal={计算机与数字工程},
  number={2012 年 03},
  pages={4--6+},
  year={2012},
  publisher={中国船舶重工集团公司第七 0 九研究所}
}
@inproceedings{oh2017chatbot,
  title={A chatbot for psychiatric counseling in mental healthcare service based on emotional dialogue analysis and sentence generation},
  author={Oh, Kyo-Joong and Lee, Dongkun and Ko, Byungsoo and Choi, Ho-Jin},
  booktitle={2017 18th IEEE international conference on mobile data management (MDM)},
  pages={371--375},
  year={2017},
  organization={IEEE}
}
@article{miller1956human,
  title={Human memory and the storage of information},
  author={Miller, George},
  journal={IRE Transactions on Information Theory},
  volume={2},
  number={3},
  pages={129--137},
  year={1956},
  publisher={IEEE}
}
@article{liu-etal-2016-evaluate,
  title={How not to evaluate your dialogue system: An empirical study of unsupervised evaluation metrics for dialogue response generation},
  author={Liu, Chia-Wei and Lowe, Ryan and Serban, Iulian V and Noseworthy, Michael and Charlin, Laurent and Pineau, Joelle},
  journal={arXiv preprint arXiv:1603.08023},
  year={2016}
}
@article{li2015diversity,
  title={A diversity-promoting objective function for neural conversation models},
  author={Li, Jiwei and Galley, Michel and Brockett, Chris and Gao, Jianfeng and Dolan, Bill},
  journal={arXiv preprint arXiv:1510.03055},
  year={2015}
}
@article{庄寅2021文本情感对话系统研究综述,
  title={文本情感对话系统研究综述},
  author={庄寅 and 刘箴 and 刘婷婷 and 王媛怡 and 刘翠娟 and 柴艳杰},
  journal={计算机科学与探索},
  volume={15},
  number={5},
  pages={825--837},
  year={2021}
}
@article{杨丰瑞2020基于注意力机制的主题扩展情感对话生成,
  title={基于注意力机制的主题扩展情感对话生成},
  author={杨丰瑞 and 霍娜 and 张许红 and 韦巍},
  journal={计算机应用},
  pages={0--0},
  year={2020}
}
@mastersthesis{陈鑫淼2019基于生成对抗网络的情感对话研究,
  title={基于生成对抗网络的情感对话研究},
  author={陈鑫淼},
  year={2019},
  school={合肥工业大学}
}
@phdthesis{曹东岩2017基于强化学习的开放领域聊天机器人对话生成算法,
  title={基于强化学习的开放领域聊天机器人对话生成算法},
  author={曹东岩},
  year={2017},
  school={哈尔滨工业大学}
}
@mastersthesis{刘磊2019基于,
  title={基于 PAD 情感状态模型的对话生成研究},
  author={刘磊},
  year={2019},
  school={华中师范大学}
}
@mastersthesis{栗梦媛2018基于情感交互的服务机器人对话系统研究与设计,
  title={基于情感交互的服务机器人对话系统研究与设计},
  author={栗梦媛},
  year={2018},
  school={山东大学}
}
@mastersthesis{崔宪坤2018基于循环神经网络和增强学习的对话情感模型研究,
  title={基于循环神经网络和增强学习的对话情感模型研究},
  author={崔宪坤},
  year={2018},
  school={北京工业大学}
}